<?xml version="1.0" encoding="UTF-8"?><collection xmlns="http://www.loc.gov/MARC21/slim"><record><leader>00431nam--2200145-i-4500</leader><controlfield tag="001">000005186</controlfield><controlfield tag="002">20161230</controlfield><controlfield tag="005">20161230201026</controlfield><controlfield tag="008">060222s1000------------r-----000-0-eng-d</controlfield><datafield ind1=" " ind2=" " tag="080"><subfield code="a">003.62:518.5</subfield></datafield><datafield ind1=" " ind2=" " tag="100"><subfield code="a">Backus ,J.W./S.A</subfield></datafield><datafield ind1=" " ind2=" " tag="245"><subfield code="a">Report on the algorithnic language algol dedicated to the memory of william turanski</subfield></datafield><datafield ind1=" " ind2=" " tag="260"><subfield code="a">Copenhagen, The Danish Academy Of Technical Sciences ,196o. 40p</subfield></datafield><datafield ind1=" " ind2=" " tag="490"><subfield code="a">5</subfield></datafield><datafield ind1=" " ind2=" " tag="852"><subfield code="a">6364</subfield></datafield></record></collection>